@book{loves-bdy,
 ISBN = {9780520071056},
 URL = {http://www.jstor.org/stable/10.1525/j.ctt1pn8rx},
 abstract = {Originally published in 1966 and now recognized as a classic, Norman O. Brown's meditation on the condition of humanity and its long fall from the grace of a natural, instinctual innocence is available once more for a new generation of readers.Love's Bodyis a continuation of the explorations begun in Brown's famousLife Against Death. Rounding out the trilogy is Brown's brilliantApocalypse and/or Metamorphosis.},
 author = {Norman O. Brown},
 publisher = {University of California Press},
 title = {Love's Body, Reissue of 1966 edition},
 urldate = {2025-05-28},
 year = {1996}
}

@book{wretched,
  author = {Frantz Fanon},
  editor = {Francois Maspero},
  publisher = {Grove Press},
  title = {The wretched of the earth},
  year = {1963}
} 

